@article{duchin_2011,
    author = {Faye   Duchin  and  Stephen   H.   Levine },
    title = {Sectors may use multiple technologies simultaneously: The rectangular choice-of-technology model with binding factor constraints},
    journal = {Economic Systems Research},
    volume = {23},
    number = {3},
    pages = {281-302},
    year  = {2011},
    publisher = {Routledge},
    doi = {10.1080/09535314.2011.571238},
    URL = {https://doi.org/10.1080/09535314.2011.571238},
    eprint = {https://doi.org/10.1080/09535314.2011.571238}
}

@article{WIO_LP,
    author = {Yasushi   Kondo  and  Shinichiro   Nakamura },
    title = {Waste input–output linear programming model with its application to eco-efficiency analysis},
    journal = {Economic Systems Research},
    volume = {17},
    number = {4},
    pages = {393-408},
    year  = {2005},
    publisher = {Routledge},
    doi = {10.1080/09535310500283526},
    URL = {https://doi.org/10.1080/09535310500283526},
    eprint = {https://doi.org/10.1080/09535310500283526}
}

@Inbook{Mariolis2021,
    author="Mariolis, Theodore
    and Rodousakis, Nikolaos
    and Soklis, George",
    title="Empirical Input--Output Representations and Transmutations of Actual Economies",
    bookTitle="Spectral Theory of Value and Actual Economies: Controllability, Effective Demand, and Cycles",
    year="2021",
    publisher="Springer Singapore",
    address="Singapore",
    pages="1--33",
    abstract="This chapter maps the structure of the empirical input--output representations of actual economies, i.e. the Supply and Use Tables and the Symmetric Input--Output Tables, and critically evaluates the methods that have been proposed to convert the former into the latter. It is argued that (i) all conversion methods rest on the groundless assumption that single production, and not joint production, characterizes the economic structure of the real world; and (ii) a consistent approach is the straightforward treatment of the Supply and Use Tables on the basis of general joint production models inspired by the von Neumann and Sraffa contributions.",
    isbn="978-981-33-6260-4",
    doi="10.1007/978-981-33-6260-4_1",
    url="https://doi.org/10.1007/978-981-33-6260-4_1"
}

@article{bidard-erreygers_1998,
    author = { Christian   Bidard  and  Guido   Erreygers },
    title = {Sraffa and Leontief on Joint Production},
    journal = {Review of Political Economy},
    volume = {10},
    number = {4},
    pages = {427-446},
    year  = {1998},
    publisher = {Routledge},
    doi = {10.1080/09538259800000062},
    URL = {https://doi.org/10.1080/09538259800000062},
    eprint = {https://doi.org/10.1080/09538259800000062}
}

@article{parys_2016,
    author = {Wilfried Parys},
    title = {The interaction between Leontief and Sraffa: No meeting, no citation, no attention?},
    journal = {The European Journal of the History of Economic Thought},
    volume = {23},
    number = {6},
    pages = {971-1000},
    year  = {2016},
    publisher = {Routledge},
    doi = {10.1080/09672567.2016.1201958},
    URL = {https://doi.org/10.1080/09672567.2016.1201958},
    eprint = {https://doi.org/10.1080/09672567.2016.1201958}
}

@book{millerblair,
    publisher = {Cambridge University Press},
    booktitle = {Input-output analysis: foundations and extensions},
    isbn = {9781108484763},
    year = {2022},
    title = {Input-Output Analysis: Foundations and Extensions},
    copyright = {Ronald E. Miller and Peter D. Blair 2022},
    language = {eng},
    address = {Cambridge},
    author = {Miller, Ronald E and Blair, Peter D},
    keywords = {Input-output analysis ; Input-output models ; Input-output tables},
}

@article{leontief_1936,
    ISSN = {00346535, 15309142},
    URL = {http://www.jstor.org/stable/1927837},
    author = {Wassily W. Leontief},
    journal = {The Review of Economics and Statistics},
    number = {3},
    pages = {105--125},
    publisher = {The MIT Press},
    title = {Quantitative Input and Output Relations in the Economic Systems of the United States},
    urldate = {2022-04-07},
    volume = {18},
    year = {1936}
}

@article{leontief_1928,
    title = {The economy as a circular flow},
    journal = {Structural Change and Economic Dynamics},
    volume = {2},
    number = {1},
    pages = {181-212},
    year = {(1928) 1991},
    issn = {0954-349X},
    doi = {https://doi.org/10.1016/0954-349X(91)90012-H},
    url = {https://www.sciencedirect.com/science/article/pii/0954349X9190012H},
    author = {Wassily W. Leontief}
}

@article{ghosh_1958,
    title={Input-Output Approach in an Allocation System},
    author={Arpita Ghosh},
    journal={Economica},
    year={1958},
    volume={25},
    pages={58-64}
}

@article{suh_2010,
    author = {Suh, Sangwon and Weidema, Bo and Schmidt, Jannick Hoejrup and Heijungs, Reinout},
    title = {Generalized Make and Use Framework for Allocation in Life Cycle Assessment},
    journal = {Journal of Industrial Ecology},
    volume = {14},
    number = {2},
    pages = {335-353},
    keywords = {by-product-technology model, industrial ecology, industry-technology model, input−output analysis (IOA), partitioning, system expansion},
    doi = {https://doi.org/10.1111/j.1530-9290.2010.00235.x},
    url = {https://onlinelibrary.wiley.com/doi/abs/10.1111/j.1530-9290.2010.00235.x},
    eprint = {https://onlinelibrary.wiley.com/doi/pdf/10.1111/j.1530-9290.2010.00235.x},
    year = {2010}
}

@article{oosterhaven1996,
  title={Leontief versus Ghoshian Price and Quantity Models},
  author={Jan Oosterhaven},
  journal={Southern Economic Journal},
  year={1996},
  volume={3},
  pages={750-759}
}

@book{sraffa1960,
  title={Production of commodities by means of commodities: Prelude to a critique of economic theory},
  author={Sraffa, Piero},
  volume={1},
  year={1960},
  publisher={Cambridge University Press Cambridge}
}

@article{kurz_2006,
    author = {Kurz, Heinz D.},
    title = {Goods and bads: sundry observations on joint production, waste disposal, and renewable and exhaustible resources},
    journal = {Progress in Industrial Ecology, an International Journal},
    volume = {3},
    number = {4},
    pages = {280-301},
    year = {2006},
    doi = {10.1504/PIE.2006.011738},
    URL = {https://www.inderscienceonline.com/doi/abs/10.1504/PIE.2006.011738},
    eprint = {https://www.inderscienceonline.com/doi/pdf/10.1504/PIE.2006.011738}
}

@article{levine_1974,
 ISSN = {00220515},
 URL = {http://www.jstor.org/stable/2721702},
 author = {A. L. Levine},
 journal = {Journal of Economic Literature},
 number = {3},
 pages = {872--881},
 publisher = {American Economic Association},
 title = {This Age of Leontief... and Who? an Interpretation},
 urldate = {2022-07-04},
 volume = {12},
 year = {1974}
}

@article{levine_1977,
 ISSN = {00220515},
 URL = {http://www.jstor.org/stable/2722716},
 author = {A. L. Levine},
 journal = {Journal of Economic Literature},
 number = {1},
 pages = {70--72},
 publisher = {American Economic Association},
 title = {The Irrelevance of Returns to Scale in Sraffa's Analysis: A Comment},
 urldate = {2022-07-04},
 volume = {15},
 year = {1977}
}

@article{kurz_2001,
    author = { Heinz D.   Kurz  and  Neri   Salvadori },
    title = {Sraffa and von Neumann},
    journal = {Review of Political Economy},
    volume = {13},
    number = {2},
    pages = {161-180},
    year  = {2001},
    publisher = {Routledge},
    doi = {10.1080/09538250120036628},
    URL = {https://doi.org/10.1080/09538250120036628},
    eprint = {https://doi.org/10.1080/09538250120036628}
}

@article{neumann_1945,
 ISSN = {00346527, 1467937X},
 URL = {http://www.jstor.org/stable/2296111},
 author = {von Neumann, John},
 journal = {The Review of Economic Studies},
 number = {1},
 pages = {1--9},
 publisher = {[Oxford University Press, Review of Economic Studies, Ltd.]},
 title = {A Model of General Economic Equilibrium},
 urldate = {2022-07-04},
 volume = {13},
 year = {1945}
}

@inproceedings{neumann_1937,
  title={Über ein ökonomisches Gleichungssystem und eine Verallgemeinering des Browerschen Fixpunktsatzes},
  author={von Neumann, John},
  booktitle={Ergebnisse eines mathematischen Kolloquiums},
  volume={8},
  pages={73--83},
  year={1937}
}

@article{fujimoto_2007,
author = {Fujimoto, Takao and Fujita, Yukihiko},
year = {2007},
month = {01},
pages = {},
title = {A von Neumann Pollution Model},
volume = {52},
journal = {Fukuoka University Review of Economics}
}

@article{carter1970,
  title={Old and new structures as alternatives: optimal combination of 1947 and 1958 technologies},
  author={Carter, Anne P.},
  journal={Structural change in the American economy. Harvard University Press, Cambridge},
  year={1970}
}

@article{julia_2007,
    author = {Julia, Roxana and Duchin, Faye},
    year = {2007},
    month = {06},
    pages = {},
    title = {World Trade as the Adjustment Mechanism of Agriculture to Climate Change},
    volume = {82},
    journal = {Climatic Change},
    doi = {10.1007/s10584-006-9181-8}
}

@article{duchin_1995,
    title = {The choice of technology and associated changes in prices in the U.S. economy},
    journal = {Structural Change and Economic Dynamics},
    volume = {6},
    number = {3},
    pages = {335-357},
    year = {1995},
    issn = {0954-349X},
    doi = {https://doi.org/10.1016/0954-349X(95)00023-G},
    url = {https://www.sciencedirect.com/science/article/pii/0954349X9500023G},
    author = {Faye Duchin and Glenn-Marie Lange},
    keywords = {Technological change, Choice of technology, Input-output analysis, Price model, Relative prices, Cost-minimization}
}

@article{leontief1985,
  title={The choice of technology},
  author={Leontief, Wassily W.},
  journal={Scientific American},
  volume={252},
  number={6},
  pages={37--45},
  year={1985},
  publisher={JSTOR}
}

@article{majeaubettez_2014,
author = {Majeau-Bettez, Guillaume and Wood, Richard and Strømman, Anders Hammer},
title = {Unified Theory of Allocations and Constructs in Life Cycle Assessment and Input-Output Analysis},
journal = {Journal of Industrial Ecology},
volume = {18},
number = {5},
pages = {747-770},
keywords = {coproducts, industrial ecology, inventory, modeling, substitution, system expansion},
doi = {https://doi.org/10.1111/jiec.12142},
url = {https://onlinelibrary.wiley.com/doi/abs/10.1111/jiec.12142},
eprint = {https://onlinelibrary.wiley.com/doi/pdf/10.1111/jiec.12142},
year = {2014}
}

@article{ayres_kneese_1969,
 ISSN = {00028282},
 URL = {http://www.jstor.org/stable/1808958},
 author = {Robert U. Ayres and Allen V. Kneese},
 journal = {The American Economic Review},
 number = {3},
 pages = {282--297},
 publisher = {American Economic Association},
 title = {Production, Consumption, and Externalities},
 urldate = {2022-07-14},
 volume = {59},
 year = {1969}
}

@article{leontief_1970,
 ISSN = {00346535, 15309142},
 URL = {http://www.jstor.org/stable/1926294},
 author = {Wassily W. Leontief},
 journal = {The Review of Economics and Statistics},
 number = {3},
 pages = {262--271},
 publisher = {The MIT Press},
 title = {Environmental Repercussions and the Economic Structure: An Input-Output Approach},
 urldate = {2022-07-14},
 volume = {52},
 year = {1970}
}

@article{luptacik_boehm_1999,
    author = { Mikulas   Luptacik  and  Bernhard   Böhm },
    title = {A Consistent Formulation of the Leontief Pollution Model},
    journal = {Economic Systems Research},
    volume = {11},
    number = {3},
    pages = {263-276},
    year  = {1999},
    publisher = {Routledge},
    doi = {10.1080/09535319900000018},
    URL = {https://doi.org/10.1080/09535319900000018},
    eprint = {https://doi.org/10.1080/09535319900000018}
}

@article{nakamura_kondo_2002,
    author = {Nakamura, Shinichiro and Kondo, Yasushi},
    title = {Input-Output Analysis of Waste Management},
    journal = {Journal of Industrial Ecology},
    volume = {6},
    number = {1},
    pages = {39-63},
    keywords = {engineering model, input-output analysis, landfill consumption, life-cycle assessment (LCA), waste generation, waste treatment},
    doi = {https://doi.org/10.1162/108819802320971632},
    url = {https://onlinelibrary.wiley.com/doi/abs/10.1162/108819802320971632},
    eprint = {https://onlinelibrary.wiley.com/doi/pdf/10.1162/108819802320971632},
    year = {2002}
}

@article{kondo_nakamura_2005,
    author = { Yasushi   Kondo  and  Shinichiro   Nakamura },
    title = {Waste input–output linear programming model with its application to eco-efficiency analysis},
    journal = {Economic Systems Research},
    volume = {17},
    number = {4},
    pages = {393-408},
    year  = {2005},
    publisher = {Routledge},
    doi = {10.1080/09535310500283526},
    URL = {https://doi.org/10.1080/09535310500283526},
    eprint = {https://doi.org/10.1080/09535310500283526}
}

@article{isard_1968,
author = {Isard, Walter and Bassett, Kenneth and Choguill, Charles and Furtado, John and Izumita, Ronald and Kissin, John and Romanoff, Eliahu and Seyfarth, Richard and Tatlock, Richard},
title = {On the linkage of socio-economic and ecologic systems},
journal = {Papers in Regional Science},
volume = {21},
number = {1},
pages = {79-99},
doi = {https://doi.org/10.1111/j.1435-5597.1968.tb01441.x},
url = {https://rsaiconnect.onlinelibrary.wiley.com/doi/abs/10.1111/j.1435-5597.1968.tb01441.x},
eprint = {https://rsaiconnect.onlinelibrary.wiley.com/doi/pdf/10.1111/j.1435-5597.1968.tb01441.x},
year = {1968}
}

@article{lowe_1979,
 ISSN = {00346535, 15309142},
 URL = {http://www.jstor.org/stable/1924837},
 author = {Peter D. Lowe},
 journal = {The Review of Economics and Statistics},
 number = {1},
 pages = {110--117},
 publisher = {The MIT Press},
 title = {Pricing Problems in an Input-Output Approach to Environment Protection},
 urldate = {2022-07-14},
 volume = {61},
 year = {1979}
}

@article{kurz_salvadori_2006,
    author = { Heinz   D.   Kurz  and  Neri   Salvadori },
    title = {Input–Output Analysis from a Wider Perspective: a Comparison of the Early Works of Leontief and Sraffa},
    journal = {Economic Systems Research},
    volume = {18},
    number = {4},
    pages = {373-390},
    year  = {2006},
    publisher = {Routledge},
    doi = {10.1080/09535310601020959},
    URL = {https://doi.org/10.1080/09535310601020959},
    eprint = {https://doi.org/10.1080/09535310601020959}
}

@article{samuelson_1991,
    title = {Leontief's ‘the economy as a circular flow’: An introduction},
    journal = {Structural Change and Economic Dynamics},
    volume = {2},
    number = {1},
    pages = {177-179},
    year = {1991},
    issn = {0954-349X},
    doi = {https://doi.org/10.1016/0954-349X(91)90011-G},
    url = {https://www.sciencedirect.com/science/article/pii/0954349X9190011G},
    author = {Paul A. Samuelson}
}

@article{duchin_1990,
    title = {The conversion of biological materials and wastes to useful products},
    journal = {Structural Change and Economic Dynamics},
    volume = {1},
    number = {2},
    pages = {243-261},
    year = {1990},
    issn = {0954-349X},
    doi = {https://doi.org/10.1016/0954-349X(90)90004-R},
    url = {https://www.sciencedirect.com/science/article/pii/0954349X9090004R},
    author = {Faye Duchin}
}

@article{cohen_harcourt_2003,
 ISSN = {08953309},
 URL = {http://www.jstor.org/stable/3216846},
 author = {Avi J. Cohen and G. C. Harcourt},
 journal = {The Journal of Economic Perspectives},
 number = {1},
 pages = {199--214},
 publisher = {American Economic Association},
 title = {Retrospectives: Whatever Happened to the Cambridge Capital Theory Controversies?},
 urldate = {2022-07-18},
 volume = {17},
 year = {2003}
}

@article{daly_1968,
  title={On Economics as a Life Science},
  author={Herman E. Daly},
  journal={Journal of Political Economy},
  year={1968},
  volume={76},
  pages={392 - 406}
}

@article{gehrke_lager_1995,
    author = {Gehrke, Christian and Lager, Christian},
    title = {ENVIRONMENTAL TAXES, RELATIVE PRICES AND CHOICE OF TECHNIQUE IN A LINEAR MODEL OF PRODUCTION},
    journal = {Metroeconomica},
    volume = {46},
    number = {2},
    pages = {127-145},
    doi = {https://doi.org/10.1111/j.1467-999X.1995.tb00374.x},
    url = {https://onlinelibrary.wiley.com/doi/abs/10.1111/j.1467-999X.1995.tb00374.x},
    eprint = {https://onlinelibrary.wiley.com/doi/pdf/10.1111/j.1467-999X.1995.tb00374.x},
    year = {1995}
}

@article{weisz_2006,
    title = {Physical and monetary input–output analysis: What makes the difference?},
    journal = {Ecological Economics},
    volume = {57},
    number = {3},
    pages = {534-541},
    year = {2006},
    issn = {0921-8009},
    doi = {https://doi.org/10.1016/j.ecolecon.2005.05.011},
    url = {https://www.sciencedirect.com/science/article/pii/S092180090500248X},
    author = {Helga Weisz and Faye Duchin},
    keywords = {Physical input–output analysis, Monetary input–output analysis, MIOT, PIOT, Total physical resource requirements, Sectoral unit prices}
}

@book{leontief_1951,
  title={The Structure of American Economy, 1919-1939},
  author={Wassily W. Leontief},
  year={1951},
  edition={2},
  pages={282},
  publisher={Oxford University Press, New York}
}

@article{peris_1993,
 ISSN = {09382259, 14320479},
 URL = {http://www.jstor.org/stable/25054736},
 author = {Josep E. Peris and Antonio Villar},
 journal = {Economic Theory},
 number = {4},
 pages = {735--742},
 publisher = {Springer},
 title = {Linear Joint-Production Models},
 urldate = {2022-11-01},
 volume = {3},
 year = {1993}
}

@article{parys_2021,
    author = {Wilfried Parys},
    title = {David Hawkins and the making of the Hawkins-Simon conditions},
    journal = {Economic Systems Research},
    volume = {33},
    number = {3},
    pages = {363-384},
    year  = {2021},
    publisher = {Routledge},
    doi = {10.1080/09535314.2020.1794799},
    URL = {https://doi.org/10.1080/09535314.2020.1794799},
    eprint = {https://doi.org/10.1080/09535314.2020.1794799}
}

@article{hawkins_1949,
 ISSN = {00129682, 14680262},
 URL = {http://www.jstor.org/stable/1905526},
 author = {David Hawkins and Herbert A. Simon},
 journal = {Econometrica},
 number = {3/4},
 pages = {245--248},
 publisher = {[Wiley, Econometric Society]},
 title = {Note: Some Conditions of Macroeconomic Stability},
 urldate = {2022-11-01},
 volume = {17},
 year = {1949}
}

@article{rueda-cantuche_2009,
    author = {Rueda-Cantuche, José M. and ten Raa, Thijs},
    title = {THE CHOICE OF MODEL IN THE CONSTRUCTION OF INDUSTRY COEFFICIENTS MATRICES},
    journal = {Economic Systems Research},
    volume = {21},
    number = {4},
    pages = {363-376},
    year  = {2009},
    publisher = {Routledge},
    doi = {10.1080/09535310903208344},
    URL = {https://doi.org/10.1080/09535310903208344},
    eprint = {https://doi.org/10.1080/09535310903208344}
}

@article{kop-jansen_1990,
 ISSN = {00206598, 14682354},
 URL = {http://www.jstor.org/stable/2526639},
 author = {Kop Jansen, Pieter and ten Raa, Thijs},
 journal = {International Economic Review},
 number = {1},
 pages = {213--227},
 publisher = {[Economics Department of the University of Pennsylvania, Wiley, Institute of Social and Economic Research, Osaka University]},
 title = {The Choice of Model in the Construction of Input-Output Coefficients Matrices},
 urldate = {2022-11-01},
 volume = {31},
 year = {1990}
}

@article{majeau-bettez_2014,
    author = {Majeau-Bettez, Guillaume and Wood, Richard and Strømman, Anders Hammer},
    title = {Unified Theory of Allocations and Constructs in Life Cycle Assessment and Input-Output Analysis},
    journal = {Journal of Industrial Ecology},
    volume = {18},
    number = {5},
    pages = {747-770},
    keywords = {coproducts, industrial ecology, inventory, modeling, substitution, system expansion},
    doi = {https://doi.org/10.1111/jiec.12142},
    url = {https://onlinelibrary.wiley.com/doi/abs/10.1111/jiec.12142},
    eprint = {https://onlinelibrary.wiley.com/doi/pdf/10.1111/jiec.12142},
    year = {2014}
}

@article{aroche_2021,
author = {Aroche, Fidel and Marquez Mendoza, Marco},
year = {2021},
month = {01},
pages = {251–267},
title = {Demand-Driven and Supply-Sided Input–Output Models},
volume = {19},
journal = {Journal of Quantitative Economics},
doi = {10.1007/s40953-020-00229-5}
}

@article{johansen_1972,
title = {Simple and general nonsubstitution theorems for input-output models},
journal = {Journal of Economic Theory},
volume = {5},
number = {3},
pages = {383-394},
year = {1972},
issn = {0022-0531},
doi = {https://doi.org/10.1016/0022-0531(72)90048-8},
url = {https://www.sciencedirect.com/science/article/pii/0022053172900488},
author = {Leif Johansen}
}

@article{herrero_1988,
title = {A characterization of economies with the non-substitution property},
journal = {Economics Letters},
volume = {26},
number = {2},
pages = {147-152},
year = {1988},
issn = {0165-1765},
doi = {https://doi.org/10.1016/0165-1765(88)90031-6},
url = {https://www.sciencedirect.com/science/article/pii/0165176588900316},
author = {Carmen Herrero and Antonio Villar}
}

@article{manning_1981,
title = {A nonsubstitution theorem with many primary factors},
journal = {Journal of Economic Theory},
volume = {25},
number = {3},
pages = {442-449},
year = {1981},
issn = {0022-0531},
doi = {https://doi.org/10.1016/0022-0531(81)90042-9},
url = {https://www.sciencedirect.com/science/article/pii/0022053181900429},
author = {R Manning}
}

@article{raa_1995,
title = {The Substitution Theorem},
journal = {Journal of Economic Theory},
volume = {66},
number = {2},
pages = {632-636},
year = {1995},
issn = {0022-0531},
doi = {https://doi.org/10.1006/jeth.1995.1062},
url = {https://www.sciencedirect.com/science/article/pii/S0022053185710629},
author = {ten Raa, Thijs}
}

@article{mirrlees_1969,
 ISSN = {00346527, 1467937X},
 URL = {http://www.jstor.org/stable/2296343},
 author = {J. A. Mirrlees},
 journal = {The Review of Economic Studies},
 number = {1},
 pages = {67--76},
 publisher = {[Oxford University Press, Review of Economic Studies, Ltd.]},
 title = {The Dynamic Nonsubstitution Theorem},
 urldate = {2022-11-02},
 volume = {36},
 year = {1969}
}

@article{stiglitz_1970,
  title={Non-Substitution Theorems with Durable Capital Goods},
  author={J. E. Stiglitz},
  journal={The Review of Economic Studies},
  year={1970},
  volume={37},
  pages={543-553}
}

@article{fuijimoto_2005,
    author = {Fujimoto, Takao and Silva, José A. and Villar, Antonio},
    title = {A NON-SUBSTITUTION THEOREM WITH NON-CONSTANT RETURNS TO SCALE AND EXTERNALITIES},
    journal = {Metroeconomica},
    volume = {56},
    number = {1},
    pages = {25-36},
    doi = {https://doi.org/10.1111/j.1467-999X.2005.00205.x},
    url = {https://onlinelibrary.wiley.com/doi/abs/10.1111/j.1467-999X.2005.00205.x},
    eprint = {https://onlinelibrary.wiley.com/doi/pdf/10.1111/j.1467-999X.2005.00205.x},
    year = {2005}
}

@book{koopmans_1951,
  title={Activity Analysis of Production and Allocation },
  editor={Tjalling C. Koopmans},
  year={1951},
  edition={Cowles Commission Monograph Number 13},
  pages={404},
  publisher={John Wiley and Sons, New York}
}

@article{raa_2022,
    author = {ten Raa, Thijs},
    year = {2022},
    month = {06},
    pages = {7},
    title = {Reswitching and capital models},
    volume = {11},
    journal = {Journal of Economic Structures},
    doi = {10.1186/s40008-022-00266-8}
}

@article{samuelson_1966,
 ISSN = {00335533, 15314650},
 URL = {http://www.jstor.org/stable/1882916},
 author = {Paul A. Samuelson},
 journal = {The Quarterly Journal of Economics},
 number = {4},
 pages = {568--583},
 publisher = {Oxford University Press},
 title = {A Summing Up},
 urldate = {2022-11-02},
 volume = {80},
 year = {1966}
}

@inbook{mainwaring_2000,
    place={Cambridge},
    title={On the probability of re-switching and capital reversing in a two-sector Sraffian model},
    DOI={10.1017/CBO9781139166881.010},
    booktitle={Critical Essays on Piero Sraffa's Legacy in Economics},
    publisher={Cambridge University Press},
    author={Mainwaring, Lynn and Steedman, Ian and Salvadori, Neri and Bidard, Christian and Carter, Lucette},
    editor={Kurz, Heinz D.Editor},
    year={2000},
    pages={323–360}
}

@article{han_2006,
 ISSN = {0309166X, 14643545},
 URL = {http://www.jstor.org/stable/23601901},
 author = {Zonghie Han and Bertram Schefold},
 journal = {Cambridge Journal of Economics},
 number = {5},
 pages = {737--765},
 publisher = {Oxford University Press},
 title = {An empirical investigation of paradoxes: reswitching and reverse capital deepening in capital theory},
 urldate = {2022-11-02},
 volume = {30},
 year = {2006}
}

@article{duchin_2017,
    author = {Faye Duchin and Stephen H. Levine},
    title = {Choosing among alternative technologies: conditions for assuring the feasibility of an input–output database or scenario},
    journal = {Economic Systems Research},
    volume = {29},
    number = {4},
    pages = {541-556},
    year  = {2017},
    publisher = {Routledge},
    doi = {10.1080/09535314.2017.1301396},
    URL = {https://doi.org/10.1080/09535314.2017.1301396},
    eprint = {https://doi.org/10.1080/09535314.2017.1301396}
}

@article{duchin_1995,
    title = {The choice of technology and associated changes in prices in the U.S. economy},
    journal = {Structural Change and Economic Dynamics},
    volume = {6},
    number = {3},
    pages = {335-357},
    year = {1995},
    issn = {0954-349X},
    doi = {https://doi.org/10.1016/0954-349X(95)00023-G},
    url = {https://www.sciencedirect.com/science/article/pii/0954349X9500023G},
    author = {Faye Duchin and Glenn-Marie Lange},
    keywords = {Technological change, Choice of technology, Input-output analysis, Price model, Relative prices, Cost-minimization}
}

@article{jackson_2004,
    author = {Randall Jackson and Alan Murray },
    title = {Alternative Input-Output Matrix Updating Formulations},
    journal = {Economic Systems Research},
    volume = {16},
    number = {2},
    pages = {135-148},
    year  = {2004},
    publisher = {Routledge},
    doi = {10.1080/0953531042000219268},
    URL = {https://doi.org/10.1080/0953531042000219268},
    eprint = {https://doi.org/10.1080/0953531042000219268}
}

@article{rueda-cantuche_2011,
author = {Rueda-Cantuche, José M.},
year = {2011},
month = {01},
pages = {},
title = {The choice of type of input-output table revisited: Moving towards the use of supply-use tables in impact analysis},
volume = {1},
journal = {SORT. Statistics and Operations Research Transactions}
}

@article{isard_1969,
    author = {Isard, Walter},
    title = {SOME NOTES ON THE LINKAGE OF THE ECOLOGIC AND ECONOMIC SYSTEMS},
    journal = {Papers in Regional Science},
    volume = {22},
    number = {1},
    pages = {85-96},
    doi = {https://doi.org/10.1111/j.1435-5597.1969.tb01455.x},
    url = {https://rsaiconnect.onlinelibrary.wiley.com/doi/abs/10.1111/j.1435-5597.1969.tb01455.x},
    eprint = {https://rsaiconnect.onlinelibrary.wiley.com/doi/pdf/10.1111/j.1435-5597.1969.tb01455.x},
    year = {1969}
}

@article{liang_2013,
author = {Liang, Sai and Zhang, Tianzhu},
title = {Investigating Reasons for Differences in the Results of Environmental, Physical, and Hybrid Input-Output Models},
journal = {Journal of Industrial Ecology},
volume = {17},
number = {3},
pages = {432-439},
keywords = {China, industrial ecology, industrial metabolism, input-output analysis, material flow analysis (MFA), socioeconomic metabolism},
doi = {https://doi.org/10.1111/jiec.12010},
url = {https://onlinelibrary.wiley.com/doi/abs/10.1111/jiec.12010},
eprint = {https://onlinelibrary.wiley.com/doi/pdf/10.1111/jiec.12010},
year = {2013}
}

@article{merciai_2014,
title = {Balance issues in monetary input–output tables},
journal = {Ecological Economics},
volume = {102},
pages = {69-74},
year = {2014},
issn = {0921-8009},
doi = {https://doi.org/10.1016/j.ecolecon.2014.03.016},
url = {https://www.sciencedirect.com/science/article/pii/S0921800914000962},
author = {Stefano Merciai and Reinout Heijungs},
keywords = {Hybrid input–output tables, Monetary framework, Mass flow balance, Energy balance}
}

@article{majeau-bettez_2016,
title = {Balance issues in input–output analysis: A comment on physical inhomogeneity, aggregation bias, and coproduction},
journal = {Ecological Economics},
volume = {126},
pages = {188-197},
year = {2016},
issn = {0921-8009},
doi = {https://doi.org/10.1016/j.ecolecon.2016.02.017},
url = {https://www.sciencedirect.com/science/article/pii/S0921800916302269},
author = {Guillaume Majeau-Bettez and Stefan Pauliuk and Richard Wood and Evert A. Bouman and Anders Hammer Strømman},
keywords = {Aggregation error, Price inhomogeneity, Life cycle assessment, Physical input–output, Environmental footprinting, Industrial ecology}
}

@article{steenge_2019,
    author = {Albert E. Steenge and Maaike C. Bouwmeester and André Carrascal Incera},
    title = {Rents, resources, and multiple technologies; Ricardian mechanisms in input-output modelling},
    journal = {Economic Systems Research},
    volume = {31},
    number = {3},
    pages = {445-466},
    year  = {2019},
    publisher = {Routledge},
    doi = {10.1080/09535314.2018.1558177},
    URL = {https://doi.org/10.1080/09535314.2018.1558177},
    eprint = {https://doi.org/10.1080/09535314.2018.1558177}
}

@article{salvadori_1982,
 ISSN = {00443158, 23048360},
 URL = {http://www.jstor.org/stable/41798137},
 author = {Neri Salvadori},
 journal = {Zeitschrift für Nationalökonomie / Journal of Economics},
 number = {3},
 pages = {281--298},
 publisher = {Springer},
 title = {Existence of Cost-Minimizing Systems within the Sraffa Framework},
 urldate = {2022-11-21},
 volume = {42},
 year = {1982}
}

@article{cumberland_1966,
  title={A regional interindustry model for analysis of development objectives},
  author={John H. Cumberland},
  journal={Papers of the Regional Science Association},
  year={1966},
  volume={17},
  pages={65-94}
}

@article{leontief_1972,
  title={Air pollution and the economic structure: empirical results of input-output computations},
  author={Leontief, Wassily W. and Ford, Daniel},
  publisher={North-Holland},
  booktitle = {Input-Output Techniques},
  editor={Andras Brody and Anne P. Carter},
  pages={273-293},
  place={Amsterdam},
  year={1972}
}

@article{steffen_2015,
author = {Will Steffen  and Katherine Richardson  and Johan Rockström  and Sarah E. Cornell  and Ingo Fetzer  and Elena M. Bennett  and Reinette Biggs  and Stephen R. Carpenter  and Wim de Vries  and Cynthia A. de Wit  and Carl Folke  and Dieter Gerten  and Jens Heinke  and Georgina M. Mace  and Linn M. Persson  and Veerabhadran Ramanathan  and Belinda Reyers  and Sverker Sörlin },
title = {Planetary boundaries: Guiding human development on a changing planet},
journal = {Science},
volume = {347},
number = {6223},
pages = {1259855},
year = {2015},
doi = {10.1126/science.1259855},
URL = {https://www.science.org/doi/abs/10.1126/science.1259855},
eprint = {https://www.science.org/doi/pdf/10.1126/science.1259855}
}

@article{ceballos_2015,
author = {Gerardo Ceballos  and Paul R. Ehrlich  and Anthony D. Barnosky  and Andrés García  and Robert M. Pringle  and Todd M. Palmer },
title = {Accelerated modern human-induced species losses: Entering the sixth mass extinction},
journal = {Science Advances},
volume = {1},
number = {5},
pages = {e1400253},
year = {2015},
doi = {10.1126/sciadv.1400253},
URL = {https://www.science.org/doi/abs/10.1126/sciadv.1400253},
eprint = {https://www.science.org/doi/pdf/10.1126/sciadv.1400253}
}

@article{fanning_2022,
  title={The social shortfall and ecological overshoot of nations},
  author={Fanning, Andrew L and O’Neill, Daniel W and Hickel, Jason and Roux, Nicolas},
  journal={Nature Sustainability},
  volume={5},
  number={1},
  pages={26--36},
  year={2022},
  doi = {https://doi.org/10.1038/s41893-021-00799-z},
  URL = {https://www.nature.com/articles/s41893-021-00799-z},
  publisher={Nature Publishing Group}
}

@article{swart_2004,
title = {The problem of the future: sustainability science and scenario analysis},
journal = {Global Environmental Change},
volume = {14},
number = {2},
pages = {137-146},
year = {2004},
issn = {0959-3780},
doi = {https://doi.org/10.1016/j.gloenvcha.2003.10.002},
url = {https://www.sciencedirect.com/science/article/pii/S0959378003000670},
author = {R.J Swart and P Raskin and J Robinson}
}

@article{krey_2014,
author = {Krey, Volker},
title = {Global energy-climate scenarios and models: a review},
journal = {WIREs Energy and Environment},
volume = {3},
number = {4},
pages = {363-383},
doi = {https://doi.org/10.1002/wene.98},
url = {https://wires.onlinelibrary.wiley.com/doi/abs/10.1002/wene.98},
eprint = {https://wires.onlinelibrary.wiley.com/doi/pdf/10.1002/wene.98},
year = {2014}
}

@article{vanden_2020,
author = {Fisher-Vanden, Karen and Weyant, John},
title = {The Evolution of Integrated Assessment: Developing the Next Generation of Use-Inspired Integrated Assessment Tools},
journal = {Annual Review of Resource Economics},
volume = {12},
number = {1},
pages = {471-487},
year = {2020},
doi = {10.1146/annurev-resource-110119-030314},
URL = {https://doi.org/10.1146/annurev-resource-110119-030314},
eprint = {https://doi.org/10.1146/annurev-resource-110119-030314}
}

@article{daly_2005,
  title={Economics in a full world},
  author={Daly, Herman E.},
  journal={Scientific American},
  volume={293},
  number={3},
  pages={100--107},
  year={2005},
  publisher={JSTOR}
}

@inbook{boulding_1966,
    place={Baltimore, Maryland},
    title={The economics of the coming spaceship earth},
    DOI={10.1017/CBO9780511493522.004},
    booktitle={Environmental Quality in a Growing Economy},
    publisher={Johns Hopkins University Press},
    author={Boulding, Kenneth E},
    editor={Jarrett, H},
    year={1966},
    pages={3--14}
}

@article{arrow_1995,
title = {Economic growth, carrying capacity, and the environment},
journal = {Ecological Economics},
volume = {15},
number = {2},
pages = {91-95},
year = {1995},
issn = {0921-8009},
doi = {https://doi.org/10.1016/0921-8009(95)00059-3},
url = {https://www.sciencedirect.com/science/article/pii/0921800995000593},
author = {Kenneth Arrow and Bert Bolin and Robert Costanza and Partha Dasgupta and Carl Folke and C.S. Holling and Bengt-Owe Jansson and Simon Levin and Karl-Göran Mäler and Charles Perrings and David Pimentel},
keywords = {Economic growth, Carrying capacity, Resilience, Environmental quality}
}

@article{pauliuk_2015,
title = {Socioeconomic metabolism as paradigm for studying the biophysical basis of human societies},
journal = {Ecological Economics},
volume = {119},
pages = {83-93},
year = {2015},
issn = {0921-8009},
doi = {https://doi.org/10.1016/j.ecolecon.2015.08.012},
url = {https://www.sciencedirect.com/science/article/pii/S0921800915003481},
author = {Stefan Pauliuk and Edgar G. Hertwich},
keywords = {Socioeconomic metabolism, Paradigm, Socio-ecological system, Boundary object, Industrial ecology, Metaphor}
}

@article{lenzen_2012,
  title={A note on the use of supply-use tables in impact analyses},
  author={Manfred Lenzen and Jos{\'e} Manuel Rueda‐Cantuche},
  journal={SORT - Statistics and Operations Research Transactions},
  year={2012},
  volume={36},
  pages={139-152}
}

@article{wiebe_2018,
  title={Implementing exogenous scenarios in a global MRIO model for the estimation of future environmental footprints},
  author={Kirsten S. Wiebe and Eivind Lekve Bjelle and Johannes T{\"o}bben and Richard Wood},
  journal={Journal of Economic Structures},
  year={2018},
  volume={7},
  pages={1-18}
}

@report{oosterhaven_2022,
author = {Oosterhaven, Jan},
year = {2022},
month = {01},
title = {A Price Reinterpretation of the Leontief Quantity Model},
volume = {2022001-GEM},
publisher = {University of Groningen}
}

@article{martin_2022,
author = {Aleix Altimiras-Martin},
title = {A supply-driven model consuming simultaneously all primary inputs: unfolding analytical potential beyond the Ghosh model},
journal = {Economic Systems Research},
volume = {0},
number = {0},
pages = {1-16},
year  = {2022},
publisher = {Routledge},
doi = {10.1080/09535314.2022.2137008},
URL = {https://doi.org/10.1080/09535314.2022.2137008},
eprint = {https://doi.org/10.1080/09535314.2022.2137008}
}

@article{manresa_2020,
author = {Antonio Manresa and Ferran Sancho},
title = {A follow-up note on the plausibility of the Leontief and Ghosh closed models},
journal = {Economic Systems Research},
volume = {32},
number = {1},
pages = {166-172},
year  = {2020},
publisher = {Routledge},
doi = {10.1080/09535314.2019.1650331},
URL = {https://doi.org/10.1080/09535314.2019.1650331},
eprint = {https://doi.org/10.1080/09535314.2019.1650331}
}

@article{oosterhaven_2012,
author = {Jan Oosterhaven},
title = {ADDING SUPPLY-DRIVEN CONSUMPTION MAKES THE GHOSH MODEL EVEN MORE IMPLAUSIBLE},
journal = {Economic Systems Research},
volume = {24},
number = {1},
pages = {101-111},
year  = {2012},
publisher = {Routledge},
doi = {10.1080/09535314.2011.635137},
URL = {https://doi.org/10.1080/09535314.2011.635137},
eprint = {https://doi.org/10.1080/09535314.2011.635137}
}

@article{duchin_2012,
author = {Duchin, Faye and Levine, Stephen H.},
year = {2012},
month = {04},
pages = {},
title = {The Rectangular Sector-by-Technology Model: Not Every Economy Produces Every Product and Some Products May Rely on Several Technologies Simultaneously},
volume = {1},
journal = {Journal of Economic Structures},
doi = {10.1186/2193-2409-1-3}
}

@inbook{fontela_2004,
    place={Cambridge},
    title={Leontief and the future of the world economy},
    DOI={10.1017/CBO9780511493522.004},
    booktitle={Wassily Leontief and Input-Output Economics},
    publisher={Cambridge University Press},
    author={Fontela, Emilio},
    editor={Dietzenbacher, Erik and Lahr, Michael L.Editors},
    year={2004},
    pages={30–46}
}

@book{meadows_1972,
  booktitle={The Limits to Growth},
  author={Meadows, Donella H and Meadows, Dennis L and Randers, J{\o}rgen and Behrens, William W},
  year={1972},
  title={The limits to growth},
  publisher={Universe Books},
  language = {eng},
  address = {New York},
}

@article{leontief_1974,
 ISSN = {00028282},
 URL = {http://www.jstor.org/stable/1815236},
 author = {Wassily W. Leontief},
 journal = {The American Economic Review},
 number = {6},
 pages = {823--834},
 publisher = {American Economic Association},
 title = {Sructure of the World Economy: Outline of a Simple Input-Output Formulation},
 urldate = {2022-11-27},
 volume = {64},
 year = {1974}
}

@article{leontief_1977,
  title={The future of the world economy},
  author={Leontief, Wassily},
  journal={Socio-Economic Planning Sciences},
  volume={11},
  number={3},
  pages={171--182},
  year={1977},
  publisher={Elsevier}
}

@article{amores_2014,
 ISSN = {0895562X, 15730441},
 URL = {http://www.jstor.org/stable/43550017},
 author = {Antonio F. Amores and Thijs ten Raa},
 journal = {Journal of Productivity Analysis},
 number = {1},
 pages = {25--34},
 publisher = {Springer},
 title = {Firm efficiency, industry performance and the economy: three-way decomposition with an application to Andalusia},
 urldate = {2023-05-15},
 volume = {42},
 year = {2014}
}

@Inbook{shestalova_2019,
author="Shestalova, Victoria",
editor="ten Raa, Thijs
and Greene, William H.",
title="Intermediate Inputs and Industry Studies: Input-Output Analysis",
bookTitle="The Palgrave Handbook of Economic Performance Analysis",
year="2019",
publisher="Springer International Publishing",
address="Cham",
pages="559--600",
isbn="978-3-030-23727-1",
doi="10.1007/978-3-030-23727-1_15",
url="https://doi.org/10.1007/978-3-030-23727-1_15"
}

@article{tenRaa_1994,
title = {On the methodology of input-output analysis},
journal = {Regional Science and Urban Economics},
volume = {24},
number = {1},
pages = {3-25},
year = {1994},
issn = {0166-0462},
doi = {10.1016/0166-0462(94)90017-5},
url = {https://www.sciencedirect.com/science/article/pii/0166046294900175},
author = {Thijs {ten Raa}}
}

@article{oliveira_2014,
author = {Oliveira, Carla and Coelho, Dulce and Antunes, Carlos},
year = {2014},
month = {12},
pages = {},
title = {Coupling Input-Output Analysis with Multiobjective Linear Programming Models for the study of Economy-Energy-Environment-Social (E3S) trade-offs: A review},
journal = {Annals of Operations Research},
doi = {10.1007/s10479-014-1773-5}
}

@article{lenzen_2007,
title = {Shared producer and consumer responsibility — Theory and practice},
journal = {Ecological Economics},
volume = {61},
number = {1},
pages = {27-42},
year = {2007},
issn = {0921-8009},
doi = {10.1016/j.ecolecon.2006.05.018},
url = {https://www.sciencedirect.com/science/article/pii/S0921800906002953},
author = {Manfred Lenzen and Joy Murray and Fabian Sack and Thomas Wiedmann},
keywords = {Producer responsibility, Consumer responsibility, Shared responsibility, Supply chains, Ecological footprint}
}

@article{coase_1960,
author = {Coase, R. H.},
title = {The Problem of Social Cost},
journal = {The Journal of Law and Economics},
volume = {3},
number = {},
pages = {1-44},
year = {1960},
doi = {10.1086/466560},
URL = {https://doi.org/10.1086/466560},
eprint = {https://doi.org/10.1086/466560}
}

